@article{May2016,
  author    = {Dave A. May and
               Patrick Sanan and
               Karl Rupp and
               Matthew G. Knepley and
               Barry F. Smith},
  title     = {Extreme-scale Multigrid Components within PETSc},
  journal   = {CoRR},
  volume    = {abs/1604.07163},
  year      = {2016},
  url       = {http://arxiv.org/abs/1604.07163},
  archivePrefix = {arXiv},
  eprint    = {1604.07163},
  timestamp = {Mon, 13 Aug 2018 16:49:03 +0200},
  biburl    = {https://dblp.org/rec/journals/corr/MaySRKS16.bib},
  bibsource = {dblp computer science bibliography, https://dblp.org}
}

@article{Brandt2011,
author = {Brandt, Achi and Livne, Oren},
year = {2011},
month = {01},
pages = {},
title = {Multigrid techniques. 1984 guide with applications to fluid dynamics. Revised ed},
volume = {67},
doi = {10.1137/1.9781611970753}
}

@misc{FarrellPDE,
  author        = {P. Farrrell},
  title         = {Finite Element Methods for PDEs},
  year          = {2018},
  publisher={Mathematical Institute, University of Oxford}
}

@book{Briggs2000,
author = {Briggs, William and Henson, Van and McCormick, Steve},
year = {2000},
month = {01},
pages = {},
title = {A Multigrid Tutorial, 2nd Edition},
isbn = {978-0-89871-462-3}
}

@article{Ihlenburg1995,
title = {Finite element solution of the Helmholtz equation with high wave number Part I: The h-version of the FEM},
journal = {Computers & Mathematics with Applications},
volume = {30},
number = {9},
pages = {9-37},
year = {1995},
issn = {0898-1221},
doi = {https://doi.org/10.1016/0898-1221(95)00144-N},
url = {https://www.sciencedirect.com/science/article/pii/089812219500144N},
author = {F. Ihlenburg and I. Babuska}
}

@book{AutomatedFEM2011,
author = {Logg, Anders and Wells, Garth and Mardal, Kent-Andre},
year = {2011},
month = {04},
pages = {},
title = {Automated solution of differential equations by the finite element method. The FEniCS book},
volume = {84},
isbn = {978-3-642-23098-1},
journal = {Lecture Notes in Computational Science and Engineering},
doi = {10.1007/978-3-642-23099-8}
}

@misc{Farrell2018,
  author        = {Patrick E. Farrell},
  title         = {Finite Element Methods for PDEs: C6.4 Hillary Term 2018},
  year          = {2018},
  publisher={University of Oxford}
}

@manual{PetscManual,
  title        = {PETSc User Manual},
  author       = {PETSc Development Team}, 
  organization = {Argonne National Lab},
  address      = {The address of the publisher},
  edition      = {3.14}
}

@article{Yavneh2006,
author = {Yavneh, Irad},
year = {2006},
month = {12},
pages = {12 - 22},
title = {Why Multigrid Methods Are So Efficient},
volume = {8},
journal = {Computing in Science and Engineering},
doi = {10.1109/MCSE.2006.125}
}

@article{Henk2000,
author = {van der Vorst, Henk A.},
year = {2000},
month = {1},
pages = {32 - 37},
title = {Krylov Subspace Iteration},
journal = {Computing in Science and Engineering}
}

@article{Ispen1997,
author = {Ipsen, Ilse and Meyer, Carl},
year = {1997},
month = {11},
pages = {},
title = {The Idea Behind Krylov Methods},
volume = {105},
journal = {The American Mathematical Monthly},
doi = {10.2307/2589281}
}

@InProceedings{Achi1973,
author="Brandt, Achi",
editor="Cabannes, Henri
and Temam, Roger",
title="Multi-level adaptive technique (MLAT) for fast numerical solution to boundary value problems",
booktitle="Proceedings of the Third International Conference on Numerical Methods in Fluid Mechanics",
year="1973",
publisher="Springer Berlin Heidelberg",
address="Berlin, Heidelberg",
pages="82--89",
isbn="978-3-540-38377-2"
}

@article{Achi1977,
 ISSN = {00255718, 10886842},
 URL = {http://www.jstor.org/stable/2006422},
 author = {Achi Brandt},
 journal = {Mathematics of Computation},
 number = {138},
 pages = {333--390},
 publisher = {American Mathematical Society},
 title = {Multi-Level Adaptive Solutions to Boundary-Value Problems},
 volume = {31},
 year = {1977}
}

@inbook{Hackbusch1977,
author = {Hackbusch, Wolfgang},
year = {1977},
month = {10},
pages = {50-},
title = {A fast numerical method for elliptic boundary value problems with variable coefficients}
}

@article{Fedorenko1964,
title = {The speed of convergence of one iterative process},
journal = {USSR Computational Mathematics and Mathematical Physics},
volume = {4},
number = {3},
pages = {227-235},
year = {1964},
issn = {0041-5553},
doi = {https://doi.org/10.1016/0041-5553(64)90253-8},
url = {https://www.sciencedirect.com/science/article/pii/0041555364902538},
author = {R.P. Fedorenko}
}

@article{Fedorenko1962,
title = {A relaxation method for solving elliptic difference equations},
journal = {USSR Computational Mathematics and Mathematical Physics},
volume = {1},
number = {4},
pages = {1092-1096},
year = {1962},
issn = {0041-5553},
doi = {https://doi.org/10.1016/0041-5553(62)90031-9},
url = {https://www.sciencedirect.com/science/article/pii/0041555362900319},
author = {R.P. Fedorenko}
}

@Inbook{Ernst2012,
author="Ernst, O. G.
and Gander, M. J.",
editor="Graham, Ivan G.
and Hou, Thomas Y.
and Lakkis, Omar
and Scheichl, Robert",
title="Why it is Difficult to Solve Helmholtz Problems with Classical Iterative Methods",
bookTitle="Numerical Analysis of Multiscale Problems",
year="2012",
publisher="Springer Berlin Heidelberg",
address="Berlin, Heidelberg",
pages="325--363",
isbn="978-3-642-22061-6",
doi="10.1007/978-3-642-22061-6_10",
url="https://doi.org/10.1007/978-3-642-22061-6_10"
}

@book{Keener2000,
author = {Keener, James P.},
year = {2000},
pages = {},
title = {Principles of Applied Mathematics},
isbn = {0-7382-0129-4}
}

@techreport{Shewchuk1994,
author = {Shewchuk, Jonathan R},
title = {An Introduction to the Conjugate Gradient Method Without the Agonizing Pain},
year = {1994},
publisher = {Carnegie Mellon University},
address = {USA}
}

@article{Bakhvalov1966,
title = {On the convergence of a relaxation method with natural constraints on the elliptic operator},
journal = {USSR Computational Mathematics and Mathematical Physics},
volume = {6},
number = {5},
pages = {101-135},
year = {1966},
issn = {0041-5553},
doi = {https://doi.org/10.1016/0041-5553(66)90118-2},
url = {https://www.sciencedirect.com/science/article/pii/0041555366901182},
author = {N.S. Bakhvalov}
}

@book{Fenics2017,
author = {Langtangen, Hans Petter and Logg, Anders},
title = {Solving PDEs in Python: The FEniCS Tutorial I},
year = {2017},
isbn = {3319524615},
publisher = {Springer Publishing Company, Incorporated},
edition = {1st}
}

@book{Langtangen2019,
author = {Langtangen, Hans Petter and Mardal, Kent-Andre},
year = {2019},
month = {01},
pages = {},
title = {Introduction to Numerical Methods for Variational Problems},
isbn = {978-3-030-23787-5},
doi = {10.1007/978-3-030-23788-2}
}

@article{Reps2009,
  author    = {Bram Reps and
               Wim Vanroose and
               Hisham Bin Zubair},
  title     = {On the indefinite Helmholtz equation: exterior complex scaled absorbing
               boundary layers, iterative analysis, and preconditioning},
  journal   = {CoRR},
  volume    = {abs/0912.0180},
  year      = {2009},
  url       = {http://arxiv.org/abs/0912.0180},
  archivePrefix = {arXiv},
  eprint    = {0912.0180},
  timestamp = {Mon, 13 Aug 2018 16:46:18 +0200},
  biburl    = {https://dblp.org/rec/journals/corr/abs-0912-0180.bib},
  bibsource = {dblp computer science bibliography, https://dblp.org}
}